@BOOK{delfs_knebl,
	AUTHOR="Hans Delfs{,} Helmut Knebl",
	TITLE="Introduction to Cryptography",
	PUBLISHER="Springer-Verlag",
	YEAR=2002,
}

@misc{oneway_lukas,
    author = "Lukas Dölle",
    publisher = "Humboldt Universität zu Berlin",
    title = "Einwegfunktionen {V}ariationen und {B}eispiele",
    url = "http://www2.informatik.hu-berlin.de/Forschung_Lehre/algorithmenII/Lehre/WS2002-2003/Perlen/Variationen.pdf",
    howpublished="\url{http://www2.informatik.hu-berlin.de/Forschung_Lehre/algorithmenII/Lehre/WS2002-2003/Perlen/Variationen.pdf}",
    note = "(27.2.2015)"
} 

@misc{asymm_gesch,
    author = "Philip Hauer",
    publisher = "",
    title = "Asymmetrische {V}erschlüsselung. {D}as {V}erfahren sowie die {V}or- und {N}achteile. ",
    url = "http://www.philipphauer.de/info/info/asymmetrische-verschluesselung/",
    howpublished="\url{http://www.philipphauer.de/info/info/asymmetrische-verschluesselung/}",
    note = "(23.2.2015)"
} 


@misc{key,
    author = "",
    publisher = "",
    title = "",
    url = "",
    howpublished="\url{}",
    note = "()"
} 

@misc{martin_bio,
    author = "Computer History Museum",
    publisher = "Computer History Museum",
    title = "Martin {H}ellman",
    url = "http://www.computerhistory.org/fellowawards/hall/bios/Martin,Hellman/",
    howpublished="\url{http://www.computerhistory.org/fellowawards/hall/bios/Martin,Hellman/}",
    note = "(24.2.2015)"
} 

@misc{ralph_bio,
    author = "Computer History Museum",
    publisher = "Computer History Museum",
    title = "Ralph {M}erkle",
    url = "http://www.computerhistory.org/fellowawards/hall/bios/Ralph,Merkle/",
    howpublished="\url{http://www.computerhistory.org/fellowawards/hall/bios/Ralph,Merkle/}",
    note = "(24.2.2015)"
} 


@misc{schlusselverteilung,
    author = "Marc Michele",
    publisher = "pgptutorial.de",
    title = "Schlüsselverteilung",
    url = "http://www.pgp-tutorial.de/node8.html",
    howpublished="\url{http://www.pgp-tutorial.de/node8.html}",
    note = "(24.2.2015)"
} 

@misc{merklehellman_neer,
    author = "Neeraj Kumar",
    publisher = "Neeraj Kumar",
    title = "Merkle-{H}ellman {K}napsack {C}ryptosystem",
    url = "http://www.neerajkumar.net/blog/2012/11/21/merkle-hellman-knapsack-cryptosystem/",
    howpublished="\url{http://www.neerajkumar.net/blog/2012/11/21/merkle-hellman-knapsack-cryptosystem/}",
    note = "(1.3.2015)"
} 

@misc{fa_asymm_hendrik,
    author = "Hendrik Kahl",
    publisher = "b-cw-waos.logoip.de",
    title = "{A}symmetrische {V}erschlüsselungsverfahren
    und ihre {A}nwendung an ausgewählten {B}eispielen",
    url = "http://b-cw-waos.logoip.de:8079/fachbereiche/mathematik/msa-und-abitur/assets/facharbeit-hendrik-kahl.pdf",
    howpublished="\url{http://b-cw-waos.logoip.de:8079/fachbereiche/mathematik/msa-und-abitur/assets/facharbeit-hendrik-kahl.pdf}",
    note = "(25.2.2015)"
} 


